Untuk setiap referensi, baris pertama (newton1687) merupakan label dan baris-baris berikutnya
merupakan atribut dari referensi yang akan digunakan. Umumnya, format referensi berikut sudah
disediakan oleh penyedia sumber referensi secara online dan bisa langsung ditaruh di sini.

Lihat https://www.bibtex.com/g/bibtex-format/ untuk informasi lebih lanjut mengenai format
BibTex yang digunakan pada file ini.

@article{newton1687,
  author  = {Isaac Newton},
  journal = {Philosophiæ Naturalis Principia Mathematica},
  title   = {Axioms or Laws of Motion},
  year    = {1687}
}

@misc{roketluarangkasa,
  title   = {Roket Luar Angkasa Discovery},
  year    = 2021,
  url     = {https://airandspace.si.edu/explore-and-learn/topics/discovery/about.cfm},
  urldate = {2021-02-03}}

@misc{Daring_2016, title={KBBI VI Daring}, url={https://kbbi.kemdikbud.go.id/entri/lumpuh}, journal={Hasil Pencarian - KBBI VI Daring}, publisher={Badan Pengembangan Dan Pembinaan Bahasa}, author={Daring, KBBI}, year={2016}} 

@misc{Pansawira_2022, title={Kelumpuhan - Gejala, penyebab, dan mengobati - Alodokter}, url={https://www.alodokter.com/kelumpuhan#:~:text=Kondisi%20ini%20dapat%20disebabkan%20oleh,Penanganan%20kelumpuhan%20tergantung%20pada%20penyebabnya.}, journal={Alodokter}, publisher={Alodokter}, author={Pansawira, Pittara}, year={2022}, month={Apr}} 

@article{choi2019motion,
  title={Motion control of joystick interfaced electric wheelchair for improvement of safety and riding comfort},
  author={Choi, Jung Hyun and Chung, Younghun and Oh, Sehoon},
  journal={Mechatronics},
  volume={59},
  pages={104--114},
  year={2019},
  publisher={Elsevier}
}

@article{TIAN20201,
title = {Computer vision technology in agricultural automation —A review},
journal = {Information Processing in Agriculture},
volume = {7},
number = {1},
pages = {1-19},
year = {2020},
issn = {2214-3173},
doi = {https://doi.org/10.1016/j.inpa.2019.09.006},
url = {https://www.sciencedirect.com/science/article/pii/S2214317319301751},
author = {Hongkun Tian and Tianhai Wang and Yadong Liu and Xi Qiao and Yanzhou Li},
keywords = {Computer vision, Image processing, Agricultural automation, Intelligent detection},
abstract = {Computer vision is a field that involves making a machine “see”. This technology uses a camera and computer instead of the human eye to identify, track and measure targets for further image processing. With the development of computer vision, such technology has been widely used in the field of agricultural automation and plays a key role in its development. This review systematically summarizes and analyzes the technologies and challenges over the past three years and explores future opportunities and prospects to form the latest reference for researchers. Through the analyses, it is found that the existing technology can help the development of agricultural automation for small field farming to achieve the advantages of low cost, high efficiency and high precision. However, there are still major challenges. First, the technology will continue to expand into new application areas in the future, and there will be more technological issues that need to be overcome. It is essential to build large-scale data sets. Second, with the rapid development of agricultural automation, the demand for professionals will continue to grow. Finally, the robust performance of related technologies in various complex environments will also face challenges. Through analysis and discussion, we believe that in the future, computer vision technology will be combined with intelligent technology such as deep learning technology, be applied to every aspect of agricultural production management based on large-scale datasets, be more widely used to solve the current agricultural problems, and better improve the economic, general and robust performance of agricultural automation systems, thus promoting the development of agricultural automation equipment and systems in a more intelligent direction.}
}

@inproceedings{wisaksono2023kontrol,
  title={Kontrol Kursi Roda menggunakan Sinyal Suara melelui Bluetooth},
  author={Wisaksono, Arief and Pratama, Rachmad Aditya and others},
  booktitle={Prosiding Seminar Nasional Penelitian dan Pengabdian Kepada Masyarakat},
  volume={1},
  number={1},
  pages={26--30},
  year={2023}
}

@phdthesis{wicaksono2023rancang,
  title={Rancang Bangun Kursi Roda Elektrik Dengan Sistem Kontrol Joystick dan Smartphone Android},
  author={Wicaksono, Bayu Adhityanto},
  year={2023},
  school={Universitas Diponegoro}
}

@article{prasetyowheelchair,
  title={Wheelchair Control Using Bluetooth-Based Electromyography Signals [Kontrol Kursi Roda Menggunakan Sinyal Elektromiografi Berbasis Bluetooth]},
  author={Prasetyo, Yoga Eko and Hindarto, Hindarto}
}

@article{junior2019prototipe,
  title={Prototipe Kursi Roda Elektrik Dengan Kendali Joystick Dan Smartphone},
  author={Junior, Andy Sadewa and Arifin, Fatchul},
  journal={Elinvo (Electronics, Informatics, and Vocational Education)},
  volume={4},
  number={1},
  pages={62--68},
  year={2019}
}

@misc{Developer_2023, url={https://developer.nvidia.com/embedded/jetson-nano-developer-kit}, journal={Jetson Nano Developer Kit}, publisher={NVIDIA Developer}, author={Developer, NVIDIA}, year={2023}} 

@INPROCEEDINGS{8308186,
  author={Albawi, Saad and Mohammed, Tareq Abed and Al-Zawi, Saad},
  booktitle={2017 International Conference on Engineering and Technology (ICET)}, 
  title={Understanding of a convolutional neural network}, 
  year={2017},
  volume={},
  number={},
  pages={1-6},
  doi={10.1109/ICEngTechnol.2017.8308186}}

@phdthesis{dwitama2019klasifikasi,
  title={Klasifikasi Tingkat Retakan Pada Bangunan Berbasis Citra Menggunakan Metode Convolution Neural Network},
  author={Dwitama, Aditya Perwira Joan},
  year={2019},
  school={Universitas Mataram}
}

@article{hakim2018penerapan,
  title={PENERAPAN DEEP LEARNING MENGGUNAKAN CONVOLUTIONAL NEURAL NETWORK UNTUK KLASIFIKASI CITRA WAYANG PUNAKAWAN},
  author={Hakim, RB Fajiya and others},
  year={2018},
  publisher={UNIVERSITAS ISLAM INDONESIA}
}